<?xml version="1.0" encoding="UTF-8"?><collection xmlns="http://www.loc.gov/MARC21/slim"><record><leader>00485nam--2200133-i-4500</leader><controlfield tag="001">000034926</controlfield><controlfield tag="002">20161230</controlfield><controlfield tag="005">20161230201040</controlfield><controlfield tag="008">060222s1000------------r-----000-0-eng-d</controlfield><datafield ind1=" " ind2=" " tag="080"><subfield code="a">572.524.2(043)</subfield></datafield><datafield ind1=" " ind2=" " tag="100"><subfield code="a">Nothen, Johannes</subfield></datafield><datafield ind1=" " ind2=" " tag="245"><subfield code="a">Entwicklung einer apparatur zur messung des qinzelfaswrquellung und untersuchungen zum quellungsverhalten von humanhaaren wahrend des dauerwellprozesses. dissert</subfield></datafield><datafield ind1=" " ind2=" " tag="260"><subfield code="a">Aachen, Rheinisch-westfalischen Technischen, 1990, 116p</subfield></datafield><datafield ind1=" " ind2=" " tag="852"><subfield code="a">79273</subfield></datafield></record></collection>